<?xml version="1.0" encoding="UTF-8"?><collection xmlns="http://www.loc.gov/MARC21/slim"><record><leader>00415nam--2200169-u-4500</leader><controlfield tag="001">000056465</controlfield><controlfield tag="002">20161230</controlfield><controlfield tag="005">20161230201052</controlfield><controlfield tag="008">151023s1000------------r-----000-0-rus-d</controlfield><datafield ind1=" " ind2=" " tag="040"><subfield code="a">IFIN-HH</subfield></datafield><datafield ind1=" " ind2=" " tag="041"><subfield code="a">rus</subfield></datafield><datafield ind1=" " ind2=" " tag="080"><subfield code="a">53</subfield></datafield><datafield ind1="1" ind2=" " tag="100"><subfield code="a">Kotelnikov, V.A</subfield></datafield><datafield ind1="1" ind2="0" tag="245"><subfield code="a">Teoria potentialnoi pomehoustoicivosti</subfield><subfield code="c">V.a. kotelnikov</subfield></datafield><datafield ind1=" " ind2=" " tag="260"><subfield code="a">Moska</subfield><subfield code="b">Energeticeskoe Isdatelstvo</subfield><subfield code="c">1956</subfield></datafield><datafield ind1=" " ind2=" " tag="300"><subfield code="a">151P</subfield></datafield><datafield ind1=" " ind2=" " tag="852"><subfield code="a">58539</subfield></datafield></record></collection>